@online{tutsplus-deferred-2024,
	title        = {Deferred Rendering},
	howpublished = {GameDevelopmentTutsplus},
	url          = {https://gamedevelopment.tutsplus.com/forward-rendering-vs-deferred-rendering--gamedev-12342a},
	urldate      = {2024-08-25},
	year         = {2024}
}

@online{aortiz:clustered:2024,
	title        = {Clustered Shading},
	howpublished = {aortiz.me},
	url          = {http://www.aortiz.me/2018/12/21/CG.html},
	urldate      = {2024-08-26},
	year         = {2024}
}

@online{cnblogs:clustered:2024,
	title        = {Clustered Shading},
	howpublished = {cnblogs.com},
	url          = {https://www.cnblogs.com/neoragex2002/p/4779829.html},
	urldate      = {2024-08-26},
	year         = {2024}
}

@online{wiki:helmholtz:2024,
	title        = {Helmholtz Reciprocity Principle},
	howpublished = {Wikipedia},
	url          = {https://en.wikipedia.org/wiki/Helmholtz_reciprocity},
	urldate      = {2024-08-26},
	year         = {2024}
}

@online{wiki:gouraud:2024,
	title        = {Gouraud Shading},
	howpublished = {Wikipedia},
	url          = {https://en.wikipedia.org/wiki/Gouraud_shading},
	urldate      = {2024-08-26},
	year         = {2024}
}

@online{wiki:phong:2024,
	title        = {Phong Shading},
	howpublished = {Wikipedia},
	url          = {https://en.wikipedia.org/wiki/Phong_shading},
	urldate      = {2024-08-26},
	year         = {2024}
}

@online{learnopengl:advlighting:2024,
	title        = {Advanced Lighting},
	howpublished = {LearnOpenGL},
	url          = {https://learnopengl.com/Advanced-Lighting/Advanced-Lighting},
	urldate      = {2024-08-26},
	year         = {2024}
}

@online{learnopengl:pbr:2024,
	title        = {PBR Theory},
	howpublished = {LearnOpenGL},
	url          = {https://learnopengl.com/PBR/Theory},
	urldate      = {2024-08-26},
	year         = {2024}
}

@online{learnopengl:antialiasing:2024,
	title        = {Anti-Aliasing},
	howpublished = {LearnOpenGL},
	url          = {https://learnopengl.com/Advanced-OpenGL/Anti-Aliasing},
	urldate      = {2024-08-26},
	year         = {2024}
}

@online{learnopengl:cubemaps:2024,
	title        = {Cubemaps},
	howpublished = {LearnOpenGL},
	url          = {https://learnopengl.com/Advanced-OpenGL/Cubemaps},
	urldate      = {2024-08-26},
	year         = {2024}
}

@online{flaxengine:ssr:2024,
	title        = {Screen Space Reflections},
	howpublished = {Flax Engine Docs},
	url          = {https://docs.flaxengine.com/manual/graphics/post-effects/screen-space-reflections.html},
	urldate      = {2024-08-26},
	year         = {2024}
}

@online{niktek:reflections:2024,
	title        = {Ray Traced Reflections vs Screen Space Reflections},
	howpublished = {NikTek (via googleusercontent/youtube)},
	url          = {https://www.youtube.com/watch?v=YvVAxslEK5A},
	urldate      = {2024-08-26},
	year         = {2024},
	note         = {Original source likely YouTube, URL may be unstable.}
}

@online{3dstudio:lod:2024,
	title        = {3D LOD (Level of Detail)},
	howpublished = {3D Studio},
	url          = {https://3dstudio.co/3d-lod-level-of-detail/},
	urldate      = {2024-08-27},
	year         = {2024}
}

@online{ign:ue5showcase:2024,
	title        = {Epic Games Displays the Future of Gaming With Unreal Engine 5 Showcase at Future Games Show},
	howpublished = {IGN India},
	url          = {https://in.ign.com/unreal-engine-5-lumen-in-the-land-of-nanite-demo/186336/news/epic-games-displays-the-future-of-gaming-with-unreal-engine-5-showcase-at-future-games-show},
	urldate      = {2024-08-28},
	year         = {2024}
}

@online{godot:rendererdesign:2024,
	title        = {Godot 3 Renderer Design Explained},
	howpublished = {Godot Engine Blog},
	url          = {https://godotengine.org/article/godot-3-renderer-design-explained/},
	urldate      = {2024-08-28},
	year         = {2024}
}

@online{wiki:direct3d:2024,
	title        = {Direct3D},
	howpublished = {Wikipedia},
	url          = {https://en.wikipedia.org/wiki/Direct3D},
	urldate      = {2024-08-28},
	year         = {2024}
}

@online{researchgate:openglpipeline:2024,
	title        = {The graphics pipeline in OpenGL consists of these 5 steps in the new generation of cards},
	howpublished = {ResearchGate (Figure)},
	url          = {https://www.researchgate.net/figure/The-graphics-pipeline-in-OpenGL-consists-of-these-5-steps-in-the-new-generation-of-cards_fig1_235696712},
	urldate      = {2024-08-28},
	year         = {2024}
}

@online{github:dxvk:2024,
	title        = {DXVK - Vulkan-based implementation of D3D9, D3D10 and D3D11 for Linux / Wine},
	howpublished = {Github (doitsujin/dxvk)},
	url          = {https://github.com/doitsujin/dxvk},
	urldate      = {2024-08-28},
	year         = {2024}
}

@online{falconfly:dxredist:2024,
	title        = {DirectX Redistributable},
	howpublished = {falconfly.3dfx.pl},
	url          = {http://falconfly.3dfx.pl/directx.htm},
	urldate      = {2024-11-18},
	year         = {2024}
}

@online{ms:xbox360bp:2024,
	title        = {Xbox 360 Developer Best Practices},
	organization = {Microsoft},
	url          = {http://nxeassets.xbox.com/shaxam/0201/ec/7f/ec7f459c-8789-4638-8328-21722b49a9f3.DOC?v=1},
	urldate      = {2024-11-18},
	year         = {2024},
	note         = {Document file (.DOC)}
}

@online{sdl:wiki:2024,
	title        = {SDL Wiki FrontPage},
	howpublished = {libsdl.org Wiki},
	url          = {https://wiki.libsdl.org/SDL2/FrontPage},
	urldate      = {2024-11-20},
	year         = {2024}
}

@online{ms:raisingbar:2024,
	title        = {Raising the bar with Direct3D},
	organization = {Microsoft (Windows Developer Blog)},
	url          = {https://blogs.windows.com/windowsdeveloper/2013/10/14/raising-the-bar-with-direct3d/},
	urldate      = {2024-11-21},
	year         = {2024}
}

@online{ms:dxuwp:2024,
	title        = {Tutorial: Create your first UWP DirectX game},
	organization = {Microsoft Learn},
	url          = {https://learn.microsoft.com/en-us/windows/uwp/gaming/tutorial--create-your-first-uwp-directx-game},
	urldate      = {2024-11-21},
	year         = {2024}
}

@online{ms:dxuwpui:2024,
	title        = {User interface (DirectX game project templates)},
	organization = {Microsoft Learn},
	url          = {https://learn.microsoft.com/en-us/windows/uwp/gaming/user-interface},
	urldate      = {2024-11-21},
	year         = {2024}
}

@online{ms:uwppackaging:2024,
	title        = {Packaging UWP apps},
	organization = {Microsoft Learn},
	url          = {https://learn.microsoft.com/en-us/windows/msix/package/packaging-uwp-apps#create-an-app-package-using-the-packaging-wizard},
	urldate      = {2024-11-21},
	year         = {2024}
}

@online{github:stb:2024,
	title        = {stb single-file public domain libraries for C/C++},
	howpublished = {Github (nothings/stb)},
	url          = {https://github.com/nothings/stb},
	urldate      = {2024-11-26},
	year         = {2024}
}

@online{github:directxtk:2024,
	title        = {DirectX Tool Kit (DirectXTK)},
	howpublished = {Github (microsoft/DirectXTK)},
	url          = {https://github.com/microsoft/DirectXTK},
	urldate      = {2024-11-26},
	year         = {2024}
}

@online{walbourn:directxtk:2024,
	title        = {DirectX Tool Kit},
	howpublished = {Shawn Hargreaves Blog (via Chuck Walbourn)},
	url          = {https://walbourn.github.io/directxtk/},
	urldate      = {2024-11-26},
	year         = {2024}
}

@online{github:directxtk12:2024,
	title        = {DirectX Tool Kit for DirectX 12 (DirectXTK12)},
	howpublished = {Github (microsoft/DirectXTK12)},
	url          = {https://github.com/microsoft/DirectXTK12},
	urldate      = {2024-11-26},
	year         = {2024}
}

@online{github:directxtk:sprites:2024,
	title        = {Sprites and textures},
	howpublished = {Github Wiki (microsoft/DirectXTK)},
	url          = {https://github.com/microsoft/DirectXTK/wiki/Sprites-and-textures},
	urldate      = {2024-11-26},
	year         = {2024}
}

@online{github:directxtk:model:2024,
	title        = {Rendering a model},
	howpublished = {Github Wiki (microsoft/DirectXTK)},
	url          = {https://github.com/microsoft/DirectXTK/wiki/Rendering-a-model},
	urldate      = {2024-11-27},
	year         = {2024}
}

@online{github:assimp:2024,
	title        = {Open Asset Import Library (assimp)},
	howpublished = {Github (assimp/assimp)},
	url          = {https://github.com/assimp/assimp},
	urldate      = {2024-11-27},
	year         = {2024}
}

@online{github:assimp:dx11sample:2024,
	title        = {Simple Textured DirectX 11 Sample},
	howpublished = {Github (assimp/assimp Samples)},
	url          = {https://github.com/assimp/assimp/tree/master/samples/SimpleTexturedDirectx11},
	urldate      = {2024-11-27},
	year         = {2024}
}

@online{github:directxtk:simplemath:2024,
	title        = {SimpleMath},
	howpublished = {Github Wiki (microsoft/DirectXTK)},
	url          = {https://github.com/microsoft/DirectXTK/wiki/SimpleMath},
	urldate      = {2024-11-27},
	year         = {2024}
}

@online{cpp20:concepts:2025,
	title		 = {C++20 Concepts},
	url			 = {https://en.cppreference.com/w/cpp/language/constraints.html},
	urldate		 = {2025-06-29},
	year		 = {2025}
}

@online{cpp17:variant:2025,
	title		 = {C++17 Variant},
	url			 = {https://en.cppreference.com/w/cpp/utility/variant.html},
	urldate		 = {2025-06-29},
	year		 = {2025}
}

@online{github:assimp:FileFormats,
	title		 = {Assimp file formats},
	url			 = {https://github.com/assimp/assimp/blob/master/doc/Fileformats.md},
	urldate		 = {2025-06-30},
	year		 = {2025}
}

@online{github:spdlog:spdlog,
	title		 = {spdlog - Fast C++ logging library.},
	url			 = {https://github.com/gabime/spdlog?tab=License-1-ov-file#readme},
	urldate		 = {2025-06-30},
	year		 = {2025}
}